@book{RCPscript,
	author={Manfred Ottens, Richard Spyra},
	title={{Rapid Control Prototyping (Schneller Reglerprototypen-Entwurf)}},
	year={2010}
}

@book{GSTscript,
	author={Manfred Ottens},
	title={Grundlagen der Systemtheorie},
	year={2008}
}



